=LDR  04806cas a2201069 a 4500
=001  012087638
=003  Uk
=005  20230426110802.0
=006  m\\\\\|\\d\|\\\\\\
=007  cr\|||||||||||
=008  010402c19979999enkfr\p\s\\\\\0\\\a0eng\\
=015  \\$aGBB407672$2bnb
=022  0\$a1474-0044$202
=037  \\$aereh$bOxford University Press
=037  3\$aISSN_13614916$bPortico$nOxford University Press
=040  \\$aUk$beng$cUk$dUk
=042  \\$aissnuk$aukblsr
=082  04$a940$223
=130  0\$aEuropean review of economic history (Online)
=222  \0$aEuropean review of economic history$b(Online)
=245  10$aEuropean review of economic history$h[electronic resource].
=260  \\$aCambridge :$bCambridge University Press in association with the Institute of Economics, University of Copenhagen for the European Historical Economics Society,$c1997-
=264  31$aOxford :$bOxford University Press
=310  \\$aQuarterly
=336  \\$atext$2rdacontent
=337  \\$acomputer$2rdamedia
=338  \\$aonline resource$2rdacarrier
=362  1\$aPrint began with: Vol. 1, pt. 1 (Apr. 1997).
=540  \\$aCurrent Copyright Fee: GBP33.00$c29\0$5Uk
=588  \\$aDescription based on print version record.
=588  \\$aLatest issue consulted: volume 18, number 1 (February 2014) (Oxford Journals, viewed January 21, 2014).
=650  \0$aEconomic history$xPeriodicals.
=651  \0$aEurope$xEconomic conditions$xPeriodicals.
=710  2\$aKøbenhavns universitet.$bØkonomiske institut.
=710  2\$aEuropean Historical Economics Society.
=776  08$iAlso issued in print as:$tEuropean review of economic history$x1361-4916
=852  41$aBritish Library$bHMNTS$jELD Digital store$3Volume 18:Number 1(2014:Feb.)-***Previous issues available in print copy
=856  \\$31850-9999$uhttp://ukcatalogue.oup.com/$xBLDSS
=856  40$uhttp://ereh.oxfordjournals.org/
=859  \\$aXLD$bejournal$cSFX
=859  \\$aELD$bejournal
=945  \\$aEuropean review of economic history.
=979  \\$aBritish Library$bDSC$j3829.948000
=ACF  \\$aPrevious copyright fee: GBP20.00$c43\0$e01-jul-2009$fGBP20.00$g0$hP$5Uk
=ACF  \\$aPrevious copyright fee: GBP14.00$c29\0$e01-jan-2012$fGBP14.00$g0$hP$5Uk
=ACF  \\$aPrevious copyright fee: GBP20.00$c29\0$e01-jan-2013$fGBP20.00$g0$hP$5Uk
=ACF  \\$aPrevious copyright fee: GBP23.00$c29\0$e01-jan-2015$fGBP23.00$g0$hP$5Uk
=ACF  \\$aPrevious copyright fee: GBP24.00$c29\0$e01-jan-2016$fGBP24.00$g0$hP$5Uk
=ACF  \\$aPrevious copyright fee: GBP26.00$c29\0$e01-jan-2017$fGBP26.00$g0$hP$5Uk
=ACF  \\$aPrevious copyright fee: GBP27.00$c29\0$e01-jan-2018$fGBP27.00$g0$hP$5Uk
=ACF  \\$aPrevious copyright fee: GBP28.00$c29\0$e01-jan-2019$fGBP28.00$g0$hP$5Uk
=ACF  \\$aPrevious Copyright Fee: GBP20.00$c29\0$e01-jan-2020$fGBP20.00$g0$hP$5Uk
=CAT  \\$aCONV$b00$c20040425$lBLL90$h0850
=CAT  \\$aBATCH-UPD$b00$c20151119$lBLL01$h1550
=CAT  \\$aIPL-CLA$c20151231$lBLL01$h1917
=CAT  \\$aBATCH-UPD$b00$c20160413$lBLL01$h1814
=CAT  \\$aBATCH-UPD$b00$c20160524$lBLL01$h2208
=CAT  \\$aBATCH-UPD$b00$c20160525$lBLL01$h0009
=CAT  \\$a5552$b40$c20161110$lBLL01$h1541
=CAT  \\$aBATCH-UPD$b40$c20161122$lBLL01$h1520
=CAT  \\$aIPL-CLA$c20161230$lBLL01$h2053
=CAT  \\$a5552$b40$c20170522$lBLL01$h1429
=CAT  \\$aBATCH-UPD$b40$c20171121$lBLL01$h1703
=CAT  \\$aW1711-1005$c20171206$lBLL01$h1814
=CAT  \\$aIPL-CLA$c20171231$lBLL01$h1607
=CAT  \\$aBATCH-UPD$b00$c20181217$lBLL01$h1651
=CAT  \\$aIPL-CLA$c20181231$lBLL01$h1539
=CAT  \\$aW1910-0530$c20191007$lBLL01$h1114
=CAT  \\$aR1911-1518$c20191206$lBLL01$h1419
=CAT  \\$aIPL-CLA$c20191231$lBLL01$h1910
=CAT  \\$aBATCH-UPD$b00$c20220308$lBLL01$h1734
=CAT  \\$aIPL-CLA$c20220331$lBLL01$h1951
=CAT  \\$a12654$b40$c20230125$lBLL01$h1419
=CAT  \\$aS2302-1302$c20230322$lBLL01$h1708
=CAT  \\$aS2302-1302$c20230323$lBLL01$h1443
=CAT  \\$aIPL-CLA$c20230331$lBLL01$h1546
=CAT  \\$aS2304-0519$c20230412$lBLL01$h1138
=CAT  \\$aBATCH-SUPP$c20230426$lBLL01$h1108
=CFI  0\$aCurrent Copyright Fee: GBP33.00$c29\0$e01-apr-2023$fGBP33.00$g0$hP$5Uk
=CFI  2\$aPrevious copyright fee: GBP22.00$c29\0$e01-apr-2022$fGBP22.00$g0$hP$5Uk
=FFP  \\$aY$bBLDSS-3PM
=FIN  \\$aY
=FMT  \\$a  SE
=LAS  \\$aBATCH-SUPP$b00$c20230426$lBLL01$h1108
=LEO  \\$aMP22.0000066766
=LET  \0$aEuropean review of economic history (Electronic)
=LKR  \\$aPAR$b011452088$lBLL01$nEuropean review of economic history (Print)$mEuropean review of economic history (Online)$r776
=MNI  \\$a1361-4916
=SRC  \\$aISN01$bbibmp22.200404.2.aa
=TCO  \\$aCLA$bCLA$c008
=TOC  \\$aETOC
=UNO  \\$aY

