=LDR  04212cas a2200985 a 4500
=001  020106319
=003  Uk
=005  20230426111132.0
=006  m\\\\\\\\d\|\\\\\\
=007  cr\|||||||||||
=008  000210c19269999enkmr\p\o\\\\\0\\\a0eng\c
=010  \\$a   00212541 
=015  \\$aGBC1C0477$2bnb
=016  7\$a020123140$2DE-101
=016  7\$a2004346-6$2DE-600
=022  \\$a1532-2548$l0032-0889
=035  \\$a(OCoLC)43437968
=037  \\$aISSN_15322548_4$bPortico$nOxford University Press
=040  \\$aMUS$beng$cMUS$dEYM$dNSD$dOCLCQ$dHNK$dMUQ$dOCLCQ$dDNB$dOCLCQ$dOCL$dOCLCQ$dEYM$dNSD$dOCLCQ$dHEBIS$dSERSO$dOCLCQ$dGBVCP$dOCLCQ$dOCLCF$dVT2$dTXA$dEUW$dOCLCQ$dDEBBG$dZ5A$dOCLCO$dIOG$dOCLCO$dOCLCA$dBUF$dOCLCO$dCUY$dAPUMS$dOCLCO$dLHU$dOCLCO$dAU@$dOCLCO$dWYU$dOCLCO$dU3W$dOCLCO$dOCLCA$dDKU$dOCLCO$dUk
=042  \\$aukblsr
=050  14$aQK1$b.P68
=082  04$a571.2$223
=210  0\$aPlant physiol.$b(Online)
=222  \0$aPlant physiology$b(Online)
=245  00$aPlant physiology.
=260  \\$aLancaster, Pa. :$bAmerican Society of Plant Physiologists,$c1926-
=264  21$aBethesda, Maryland :$bAmerican Society of Plant Physiologists
=264  21$3July 2001-$aRockville, MD :$bAmerican Society of Plant Biologists
=264  31$3<July 2021>-$a[Oxford] :$bOxford University Press on behalf of American Society of Plant Biologists
=310  \\$aMonthly,$b1966-
=321  \\$aBimonthly,$b1954-1965
=321  \\$aQuarterly,$b1926-1953
=336  \\$atext$2rdacontent
=337  \\$acomputer$2rdamedia
=338  \\$aonline resource$2rdacarrier
=362  0\$aVol. 1, no. 1 (Jan. 1926)-
=500  \\$aPlace of publication varies.
=500  \\$aTitle from cover (JSTOR, viewed Oct. 3, 2008).
=540  \\$aCurrent Copyright Fee: GBP32.00$c29\0$5Uk
=588  \\$aLatest issue consulted: volume 186, issue 3 (July 2021) (Oxford Academic, viewed August 2, 2021).
=650  \0$aPlant physiology$vPeriodicals.
=650  \0$aBotany$vPeriodicals.
=655  \7$aPeriodicals.$2fast$0(OCoLC)fst01411641
=655  \0$aElectronic journals.
=710  2\$aAmerican Society of Plant Physiologists.
=710  2\$aAmerican Society of Plant Biologists.
=776  08$iAlso issued in print, Jan. 1926-Dec. 2014:$tPlant physiology (Lancaster, Pa.)$x0032-0889
=852  41$aBritish Library$bHMNTS$jELD Digital store$3Volume 164:Issue 1(2014)-
=856  \\$31850-9999$uhttp://www.oxfordjournals.org/$xBLDSS
=856  40$uhttps://academic.oup.com/plphys/issue
=856  40$uhttp://www.plantphysiol.org/
=856  40$31926-2017$uhttp://www.jstor.org/journals/00320889.html
=856  40$uhttp://www.pubmedcentral.nih.gov/tocrender.fcgi?journal=69$zFree full text journal articles.
=856  40$uhttp://www-us.ebsco.com/online/direct.asp?JournalID=101725$zLink no longer valid
=859  \\$aELD$bejournal
=859  \\$aXLD$bejournal$cSFX
=945  \\$aPlant physiology
=979  \\$aBritish Library$bDSC$j6521.800000
=ACF  \\$aPrevious copyright fee: GBP20.00$c29\0$e15-feb-2021$fGBP20.00$g0$hP$5Uk
=CAT  \\$a5552$b40$c20210215$lBLL01$h1029
=CAT  \\$aBLDSS-3PM$b00$c20210224$lBLL01$h1135
=CAT  \\$aBATCH-UPD$b00$c20210224$lBLL01$h1136
=CAT  \\$a11450$b40$c20210723$lBLL01$h1103
=CAT  \\$a11450$b40$c20210723$lBLL01$h1104
=CAT  \\$a8323$b40$c20210802$lBLL01$h1609
=CAT  \\$aBATCH-UPD$b40$c20220308$lBLL01$h1736
=CAT  \\$aIPL-CLA$c20220331$lBLL01$h1953
=CAT  \\$a12654$b40$c20230302$lBLL01$h1057
=CAT  \\$a12654$b40$c20230302$lBLL01$h1058
=CAT  \\$aS2302-1302$c20230322$lBLL01$h1707
=CAT  \\$aS2302-1302$c20230322$lBLL01$h1708
=CAT  \\$aS2302-1302$c20230323$lBLL01$h1444
=CAT  \\$aIPL-CLA$c20230331$lBLL01$h1547
=CAT  \\$aS2304-0519$c20230412$lBLL01$h1141
=CAT  \\$aBATCH-SUPP$c20230426$lBLL01$h1111
=CFI  0\$aCurrent Copyright Fee: GBP32.00$c29\0$e01-apr-2023$fGBP32.00$g0$hP$5Uk
=CFI  2\$aPrevious copyright fee: GBP22.00$c29\0$e01-apr-2022$fGBP22.00$g0$hP$5Uk
=FFP  \\$aY$bBLDSS-3PM
=FIN  \\$aY$d20210802
=FMT  \\$a  SE
=LAS  \\$aBATCH-SUPP$b00$c20230426$lBLL01$h1111
=MNI  \\$a0032-0889
=SRC  \\$aBLL02
=TOC  \\$aETOC
=UNO  \\$aY

