=LDR  05702cas a2201237 a 4500
=001  019104566
=003  Uk
=005  20230426111128.0
=006  m\\\\\o\\d\\\\\\\\
=007  cr\cnu||||||||
=008  980910c19509999ncuqr\pso\o\\\0\\\a0eng\c
=010  \\$asn 98023302 
=016  7\$a2009679-3$2DE-600
=016  7\$a2009679 3$2DE-600
=022  0\$a1538-3555$202
=035  \\$a(OCoLC)39852252$z(OCoLC)39854357$z(OCoLC)48157601$z(OCoLC)48822771$z(OCoLC)49766888$z(OCoLC)80498322$z(OCoLC)297929599$z(OCoLC)980195309$z(OCoLC)980568368$z(OCoLC)1034935590$z(OCoLC)1038383303$z(OCoLC)1039517713$z(OCoLC)1043064515$z(OCoLC)1057977139
=037  \\$a???$bOxford University Press
=037  3\$aISSN_00373222_4$bPortico$nOxford University Press
=040  \\$aEYM$beng$cEYM$dNSD$dOCLCQ$dBUF$dOCLCQ$dOCLCG$dOCLCQ$dOCLCO$dOCLCQ$dBUF$dOCLCF$dOCLCO$dEUW$dOCLCQ$dDEBBG$dOCLCE$dFJM$dZCU$dLND$dUAB$dEZC$dOCLCA$dGILDS$dVT2$dAU@$dUk$epn
=042  \\$aukblsr$aissnuk
=050  14$aPR2885
=082  04$a822.33$223
=130  0\$aShakespeare quarterly (Online)
=210  0\$aShakespeare q.$b(Online)
=222  \0$aShakespeare quarterly$b(Online)
=245  10$aShakespeare quarterly.
=260  \\$31950-spring 1972 :$aNew York :$bShakespeare Association of America,$c1950-
=264  21$3summer 1972- :$aWashington, D.C. :$bFolger Shakespeare Library
=264  21$a3 <2001>- ;$a[Baltimore, Maryland] :$bJohns Hopkins University Press
=264  31$32019-$aCary, NC :$bOxford University Press
=310  \\$aFour issues a year
=336  \\$atext$2rdacontent
=337  \\$acomputer$2rdamedia
=338  \\$aonline resource$2rdacarrier
=362  0\$aVol. 1, no. 1 (Jan. 1950)-
=525  \\$aVols. 1-31 include an annual bibliography entitled World Shakespeare bibliography.
=525  \\$aHas occasional supplement called: Reviewing Shakespeare, <1985->
=538  \\$aMode of access: World Wide Web.
=540  \\$aCurrent Copyright Fee: GBP42.00$c29\0$5Uk
=550  \\$aProduced by the Folger Shakespeare Library in association with George Washington University.
=580  \\$aAnnual issue entitled: World Shakespeare bibliography included in and expanded upon in a CD-ROM version entitled: World Shakespeare bibliography on CD-ROM.
=588  \\$aDescription based on JSTOR World Wide Web homepage; title from title screen (viewed Sept. 9, 1998).
=588  \\$aLatest issue consulted: volume 70, number 1 (spring 2019) (Oxford Academic, viewed February 24, 2020).
=600  10$aShakespeare, William,$d1564-1616$vPeriodicals.
=600  17$aShakespeare, William,$d1564-1616$2fast$0(OCoLC)fst00029048
=600  16$aShakespeare, William,$d1564-1616$vPériodiques.
=600  14$aShakespeare, William,$d1564-1616.
=650  17$aToneelschrijvers.$2gtt
=650  17$aEngels.$2gtt
=650  \4$aDrama$xEnglish$y17th century.
=650  \4$aDrama$xEnglish$y16th century.
=650  \4$aJournals.
=655  \7$aPeriodicals.$2fast$0(OCoLC)fst01411641
=710  2\$aShakespeare Association of America.
=710  2\$aFolger Shakespeare Library.
=710  2\$aGeorge Washington University.
=730  0\$aWorld Shakespeare bibliography.
=776  08$iPrint version:$tShakespeare quarterly$x0037-3222
=780  00$tShakespeare Association bulletin (Online)$x0270-8604
=787  1\$tWorld Shakespeare bibliography on CD-ROM
=787  0\$tWorld Shakespeare bibliography (Online)$x1471-3241
=852  41$aBritish Library$bHMNTS$jELD Digital store$3Volume 66:Number 3(2015)-
=856  \\$31850-9999$uhttp://www.oxfordjournals.org/$xBLDSS
=856  40$uhttps://academic.oup.com/sq
=859  \\$aELD$bejournal
=859  \\$aXLD$bejournal$cSFX
=945  \\$aShakespeare quarterly.
=979  \\$aBritish Library$bDSC$j8254.586000
=985  \\$aISSN responsibility transferred from U.S. to UK (24/02/20)
=985  \\$aUpdated by MS generated file for WR2302-017
=ACF  \\$aPrevious copyright fee: GBP27.00$c29\0$e13-dec-2018$fGBP27.00$g0$hP$5Uk
=ACF  \\$aPrevious copyright fee: GBP28.00$c29\0$e01-jan-2019$fGBP28.00$g0$hP$5Uk
=ACF  \\$aPrevious Copyright Fee: GBP29.00$c29\0$e01-jan-2020$fGBP29.00$g0$hP$5Uk
=CAT  \\$a8311$b40$c20181031$lBLL01$h1550
=CAT  \\$a5552$b40$c20181128$lBLL01$h1111
=CAT  \\$a5552$b40$c20181213$lBLL01$h1220
=CAT  \\$a5552$b40$c20181213$lBLL01$h1332
=CAT  \\$aBLDSS-3PM$b00$c20181218$lBLL01$h1720
=CAT  \\$aBATCH-UPD$b00$c20181218$lBLL01$h1721
=CAT  \\$aIPL-CLA$c20181231$lBLL01$h1556
=CAT  \\$a10806$b40$c20191003$lBLL01$h0912
=CAT  \\$a10806$b40$c20191003$lBLL01$h0914
=CAT  \\$a10806$b40$c20191003$lBLL01$h0916
=CAT  \\$aW1910-0530$c20191007$lBLL01$h1114
=CAT  \\$aR1911-1518$c20191206$lBLL01$h1406
=CAT  \\$aIPL-CLA$c20191231$lBLL01$h2045
=CAT  \\$a10806$b40$c20200224$lBLL01$h0830
=CAT  \\$a10806$b40$c20200302$lBLL01$h0922
=CAT  \\$aBATCH-UPD$b40$c20220308$lBLL01$h1729
=CAT  \\$aIPL-CLA$c20220331$lBLL01$h1953
=CAT  \\$aW2302-0174$c20230223$lBLL01$h2025
=CAT  \\$a12654$b40$c20230307$lBLL01$h0847
=CAT  \\$aS2302-1302$c20230322$lBLL01$h1708
=CAT  \\$aS2302-1302$c20230323$lBLL01$h1444
=CAT  \\$aIPL-CLA$c20230331$lBLL01$h1547
=CAT  \\$aS2304-0519$c20230412$lBLL01$h1141
=CAT  \\$aBATCH-SUPP$c20230426$lBLL01$h1111
=CFI  0\$aCurrent Copyright Fee: GBP42.00$c29\0$e01-apr-2023$fGBP42.00$g0$hP$5Uk
=CFI  2\$aPrevious copyright fee: GBP32.00$c29\0$e01-apr-2022$fGBP32.00$g0$hP$5Uk
=FFP  \\$aY$bBLDSS-3PM
=FIN  \\$aY$d20191003
=FMT  \\$a  SE
=LAS  \\$aBATCH-SUPP$b00$c20230426$lBLL01$h1111
=MNI  \\$a0037-3222
=SID  \\$aZ39$bOCLC
=UNO  \\$aY

