=LDR  05000cas a2201165 i 4500
=001  018112096
=003  Uk
=005  20230426111120.0
=006  m\\\\\o\\d\\\\\\\\
=007  cr\|||||||||||
=008  990326c19179999mdumr\pso\\\\\0\\\a0eng\c
=010  \\$a  2001227006
=015  \\$aGBB7C9743$2bnb
=016  7\$a2011695-0$2DE-600
=022  \\$a1945-7170
=030  \\$aENDOAO
=035  \\$a(OCoLC)41042735$z(OCoLC)50189548$z(OCoLC)60639221$z(OCoLC)222984778$z(OCoLC)980372299$z(OCoLC)990484204$z(OCoLC)993929172
=037  \\$aendo$bOxford University Press
=037  3\$aISSN_00137227$bPortico$nOxford University Press
=040  \\$aTMC$beng$cTMC$dEYM$dOCLCQ$dMUQ$dOCLCQ$dNSD$dOCLCQ$dBUF$dHEBIS$dOCLCQ$dOCLCF$dOCLCO$dOCLCQ$dOCLCO$dPFM$dUAB$dZ5A$dOCLCO$dUk
=042  \\$apcc$ansdp$aukblsr
=050  10$aISSN RECORD
=050  14$aQP187$b.A25
=060  \4$aW1$bEN396S
=082  04$a573.405$223
=130  0\$aEndocrinology (Philadelphia, Pa.)
=222  \0$aEndocrinology$b(Philadelphia, Pa. : Online)
=245  10$aEndocrinology.
=260  \\$aBethesda, MD :$bEndocrine Society
=310  \\$aMonthly,$b1938-
=321  \\$aQuarterly,$b<1918>-1920
=321  \\$aBimonthly,$b1921-1937
=336  \\$atext$2rdacontent
=337  \\$acomputer$2rdamedia
=338  \\$aonline resource$2rdacarrier
=362  1\$aBegan with: Vol. 1, no. 1 (Jan. 1917).
=540  \\$aCurrent Copyright Fee: GBP32.00$c29\0$5Uk
=550  \\$aIssued by the Association for the Study of Internal Secretions, 1917-1952; official journal of the Endocrine Society, <1953->.
=588  \\$aDescription based on: Vol. 138, no. 1 (Jan. 1997); title from journal information screen (viewed Mar. 23, 1999).
=588  \\$aLatest issue consulted: volume 158, issue 7 (1 July 2017) (Oxford Academic, viewed July 27, 2017).
=650  \0$aEndocrinology$vPeriodicals.
=650  \6$aEndocrinologie$vPériodiques.
=650  \7$aEndocrinology.$2fast$0(OCoLC)fst00909749
=650  \2$aEndocrinology.
=655  \7$aPeriodicals.$2fast$0(OCoLC)fst01411641
=655  \2$aPeriodicals.
=710  2\$aEndocrine Society.
=710  2\$aAssociation for the Study of Internal Secretions (U.S.)
=776  08$iPrint version:$tEndocrinology (Philadelphia, Pa.)$x0013-7227
=780  05$tMolecular endocrinology (Baltimore, Md. : Online)$g2017$x1944-9917
=852  41$aBritish Library$bHMNTS$jELD Digital store$3Volume 158:Number 1(2017:Jan.)-
=856  \\$31850-9999$uhttp://www.oxfordjournals.org/$xBLDSS
=856  40$uhttps://academic.oup.com/endo
=856  40$uhttp://endo.endojournals.org/
=856  40$uhttp://ovidsp.ovid.com/ovidweb.cgi?T=JS&NEWS=n&CSC=Y&PAGE=toc&D=ovft&AN=00003571-000000000-00000
=859  \\$aXLD$bejournal$cSFX
=859  \\$aELD$bejournal
=945  \\$aEndocrinology -Philadelphia Phia-.
=979  \\$aBritish Library$bDSC$j3742.000000
=ACF  \\$aPrevious copyright fee: GBP26.00$c29\0$e31-may-2017$fGBP26.00$g0$hP$5Uk
=ACF  \\$aPrevious copyright fee: GBP27.00$c29\0$e01-jan-2018$fGBP27.00$g0$hP$5Uk
=ACF  \\$aPrevious copyright fee: GBP28.00$c29\0$e01-jan-2019$fGBP28.00$g0$hP$5Uk
=ACF  \\$aPrevious Copyright Fee: GBP20.00$c29\0$e01-jan-2020$fGBP20.00$g0$hP$5Uk
=CAT  \\$a8311$b40$c20161121$lBLL01$h1434
=CAT  \\$aBLDSS-3PM$b00$c20170606$lBLL01$h1445
=CAT  \\$aBATCH-UPD$b00$c20170606$lBLL01$h1446
=CAT  \\$a10806$b40$c20170727$lBLL01$h1205
=CAT  \\$a10806$b40$c20170727$lBLL01$h1206
=CAT  \\$a5410$b40$c20171114$lBLL01$h1107
=CAT  \\$a5410$b40$c20171114$lBLL01$h1108
=CAT  \\$aBATCH-UPD$b40$c20171121$lBLL01$h1705
=CAT  \\$aW1711-1005$c20171206$lBLL01$h1829
=CAT  \\$aIPL-CLA$c20171231$lBLL01$h1833
=CAT  \\$aBATCH-UPD$b00$c20181217$lBLL01$h1653
=CAT  \\$aIPL-CLA$c20181231$lBLL01$h1555
=CAT  \\$aW1910-0530$c20191007$lBLL01$h1114
=CAT  \\$a5410$b40$c20191101$lBLL01$h1137
=CAT  \\$a5410$b40$c20191101$lBLL01$h1138
=CAT  \\$aR1911-1518$c20191206$lBLL01$h1419
=CAT  \\$aIPL-CLA$c20191231$lBLL01$h2043
=CAT  \\$a8055$b40$c20200828$lBLL01$h1228
=CAT  \\$aBATCH-UPD$b40$c20220308$lBLL01$h1736
=CAT  \\$aIPL-CLA$c20220331$lBLL01$h1953
=CAT  \\$a12654$b40$c20230125$lBLL01$h1055
=CAT  \\$aS2302-1302$c20230322$lBLL01$h1708
=CAT  \\$aS2302-1302$c20230323$lBLL01$h1443
=CAT  \\$aIPL-CLA$c20230331$lBLL01$h1547
=CAT  \\$aS2304-0519$c20230412$lBLL01$h1141
=CAT  \\$aBATCH-SUPP$c20230426$lBLL01$h1111
=CFI  0\$aCurrent Copyright Fee: GBP32.00$c29\0$e01-apr-2023$fGBP32.00$g0$hP$5Uk
=CFI  2\$aPrevious copyright fee: GBP22.00$c29\0$e01-apr-2022$fGBP22.00$g0$hP$5Uk
=FFP  \\$aY$bBLDSS-3PM
=FIN  \\$aY$d20170727
=FMT  \\$a  SE
=LAS  \\$aBATCH-SUPP$b00$c20230426$lBLL01$h1111
=LKR  \\$aPAR$b007851369$lBLL01$r776$mEndocrinology (Philadelphia, Pa. : Online)$nEndocrinology (Philadelphia)
=MNI  \\$a0013-7227
=SID  \\$aZ39$bOCLC
=TOC  \\$aETOC
=UNO  \\$aY

