=LDR  03821cas a2200949 i 4500
=001  018178172
=003  Uk
=005  20230426111122.0
=006  m\\\\\|\\d\|\\\\\\
=007  cr\|||||||||||
=008  170114c20179999enkfr\p\o\\\\\0\\\a0eng\\
=015  \\$aGBB7J1380$2bnb
=022  0\$a2472-5625$202
=037  3\$aISSN_24725625_4$bPortico$nOxford University Press
=037  \\$aISSN_24725625$bPortico$nTaylor & Francis
=040  \\$aUk$beng$cUk$erda
=042  \\$aukblsr$aissnuk
=082  04$a616.723005$223
=222  \0$aModern rheumatology case reports
=245  00$aModern rheumatology case reports.
=246  13$aMRCR
=264  \1$a[Abingdon] :$bTaylor & Francis,$c2017-
=264  31$32022-$a[Oxford] :$bOxford University Press
=300  \\$billustrations (colour)
=310  \\$aSemiannual
=336  \\$atext$2rdacontent
=337  \\$acomputer$2rdamedia
=338  \\$aonline resource$2rdacarrier
=362  0\$aVolume 1, issue 1 (2017)-
=500  \\$aTitle from journal home page (Taylor & Francis Online, viewed October 9, 2017).
=540  \\$aCurrent copyright fee: GBP46.00$c29\0$5Uk
=550  \\$aOfficial journal of the Japan College of Rheumatology.
=588  \\$aLatest issue consulted: volume 6, issue 1 (January 2022) (Oxford Academic, viewed June 17, 2022).
=650  \0$aRheumatology$vPeriodicals.
=710  2\$aNihon Ryūmachi Gakkai,$eissuing body.
=852  41$aBritish Library$bHMNTS$jELD Digital store$3Volume 1:Issue 1(2017)-
=856  \\$31850-9999$uhttp://www.tandfonline.com/$xBLDSS
=856  40$uhttp://www.tandfonline.com/toc/tmcr20/current?nav=tocList
=856  40$uhttps://academic.oup.com/mrcr/
=859  \\$aELD$bejournal
=859  \\$aXLD$bejournal$cSFX
=945  \\$aModern rheumatology case reports.
=979  \\$aBritish Library$bDSC$j5895.350000N
=985  \\$aISSN UK Centre: ISSN responsibility transferred 17/6/2022 (DLW).
=ACF  \\$aPrevious copyright fee: GBP40.00$c45\0$e10-jul-2019$fGBP40.00$g0$hP$5Uk
=ACF  \\$aPrevious copyright fee: GBP20.00$c29\0$e01-jan-2022$fGBP20.00$g0$hP$5Uk
=ACF  \\$aPrevious copyright fee: GBP44.00$c45\0$e26-jan-2021$fGBP44.00$g0$hP$5Uk
=CAT  \\$a11433$b40$c20170114$lBLL01$h1051
=CAT  \\$a11450$b40$c20170221$lBLL01$h0848
=CAT  \\$a8124$b40$c20171010$lBLL01$h0859
=CAT  \\$aW1711-1005$c20171206$lBLL01$h1830
=CAT  \\$a10973$b40$c20180129$lBLL01$h0747
=CAT  \\$a5552$b40$c20190710$lBLL01$h0900
=CAT  \\$aBLDSS-3PM$b00$c20190717$lBLL01$h1521
=CAT  \\$aBATCH-UPD$b00$c20190717$lBLL01$h1521
=CAT  \\$aBATCH-UPD$b00$c20210126$lBLL01$h1324
=CAT  \\$aIPL-CLA$c20210126$lBLL01$h1447
=CAT  \\$a12654$b40$c20211026$lBLL01$h1347
=CAT  \\$a12654$b40$c20211026$lBLL01$h1348
=CAT  \\$aIPL-CLA$c20211231$lBLL01$h1547
=CAT  \\$aBATCH-UNOA$c20220104$lBLL01$h2254
=CAT  \\$aBATCH-UPD$b00$c20220308$lBLL01$h1736
=CAT  \\$a8055$b40$c20220309$lBLL01$h1351
=CAT  \\$a14412$b40$c20220324$lBLL01$h1423
=CAT  \\$aIPL-CLA$c20220331$lBLL01$h1953
=CAT  \\$a10973$b40$c20220617$lBLL01$h1437
=CAT  \\$a10973$b40$c20220617$lBLL01$h1518
=CAT  \\$a10973$b40$c20220617$lBLL01$h1519
=CAT  \\$a10973$b40$c20220617$lBLL01$h1538
=CAT  \\$a12654$b40$c20230228$lBLL01$h1054
=CAT  \\$aS2302-1302$c20230322$lBLL01$h1707
=CAT  \\$aBATCH-SUPP$c20230426$lBLL01$h1111
=CFI  0\$aCurrent copyright fee: GBP46.00$c29\0$e01-apr-2022$fGBP46.00$g0$hP$5Uk
=CFI  2\$aPrevious copyright fee: GBP42.00$c29\0$e09-mar-2022$fGBP42.00$g0$hP$5Uk
=FFP  \\$aY$bBLDSS-3PM
=FIN  \\$aY$d20171010
=FMT  \\$a  SE
=LAS  \\$aBATCH-SUPP$b00$c20230426$lBLL01$h1111
=LET  \0$aModern rheumatology case reports (Electronic)
=MNI  \\$a2472-5625
=TOC  \\$aETOC
=UNO  \\$aY

