=LDR  04487cas a2201009 i 4500
=001  016746197
=003  Uk
=005  20230426111059.0
=006  m\\\\\\\\d\|\\\\\\
=007  cr||||||||||||
=008  140623c20159999enkqr\p\o\\\\\0\\\a0eng\\
=015  \\$aGBB5G6558$2bnb
=022  0\$a2055-768X$202
=037  \\$alitlin$bOxford University Press
=037  3\$aISSN_20557671$bPortico$nOxford University Press
=040  \\$aUk$beng$cUk$erda
=042  \\$aissnuk$aukblsr
=082  04$a410.285$223
=210  0\$aDigit. scholarsh. humanit.$b(Online)
=222  \0$aDigital scholarship in the humanities$b(Online)
=245  00$aDigital scholarship in the humanties.
=246  13$aDSH
=264  \1$aOxford :$bOxford University Press,$c2015-
=310  \\$aQuarterly
=336  \\$atext$2rdacontent
=337  \\$acomputer$2rdamedia
=338  \\$aonline resource$2rdacarrier
=362  0\$aVolume 30, issue 1 (1 April 2015)-
=500  \\$aTitle from PDF of article, viewed November 11, 2015.
=540  \\$aCurrent copyright fee: GBP32.00$c29\0$5Uk
=550  \\$a"Published on behalf of EADH European Association for Digital Humanities [and] ADHO Alliance of Digital Humanities Organizations."
=588  \\$aLatest issue consulted: volume 30, issue 4 (1 December 2015), Oxford University Press journals, viewed November 18, 2015.
=650  \0$aPhilology$xData processing$vPeriodicals.
=650  \0$aComputational linguistics$vPeriodicals.
=710  2\$aEuropean Association for Digital Humanities.
=710  2\$aAlliance of Digital Humanities Organizations.
=776  08$iAlso issued in print as:$tDigital scholarship in the humanities$x2055-7671
=780  00$tLiterary and Linguistic Computing$x1477-4615
=852  41$aBritish Library$bHMNTS$jELD Digital store$3Volume 30:Number 1(2015)-***Previous issues available in print copy
=856  \\$31850-9999$uhttp://www.oxfordjournals.org/$xBLDSS
=856  4\$uhttp://dsh.oxfordjournals.org/
=859  \\$aXLD$bejournal$cSFX
=859  \\$aELD$bejournal
=945  \\$aDigital scholarship in the humanties.
=979  \\$aBritish Library$bDSC$j3588.397455N
=985  \\$aPlease add 766, LKR and amend MNI when print version is completed.
=ACF  \\$aBritish Library not licensed to copy$c0$e01-jul-2015$hC$iCFP Excluded$5Uk
=ACF  \\$aPrevious copyright fee: GBP24.00$c29\0$e09-nov-2016$fGBP24.00$g0$hP$5Uk
=ACF  \\$aPrevious copyright fee: GBP26.00$c29\0$e01-jan-2017$fGBP26.00$g0$hP$5Uk
=ACF  \\$aPrevious copyright fee: GBP27.00$c29\0$e01-jan-2018$fGBP27.00$g0$hP$5Uk
=ACF  \\$aPrevious copyright fee: GBP28.00$c29\0$e01-jan-2019$fGBP28.00$g0$hP$5Uk
=CAT  \\$a11313$b40$c20140623$lBLL01$h1143
=CAT  \\$a11315$b40$c20151111$lBLL01$h1357
=CAT  \\$a11205$b40$c20151118$lBLL01$h1355
=CAT  \\$a11205$b40$c20151118$lBLL01$h1402
=CAT  \\$a5552$b40$c20161109$lBLL01$h1553
=CAT  \\$aBLDSS-3PM$b00$c20161115$lBLL01$h1529
=CAT  \\$aBATCH-UPD$b00$c20161115$lBLL01$h1530
=CAT  \\$aBATCH-UPD$b00$c20161122$lBLL01$h1522
=CAT  \\$aIPL-CLA$c20161231$lBLL01$h0018
=CAT  \\$a7332$b40$c20170811$lBLL01$h1401
=CAT  \\$aBATCH-UPD$b40$c20171121$lBLL01$h1705
=CAT  \\$aW1711-1005$c20171206$lBLL01$h1827
=CAT  \\$aIPL-CLA$c20171231$lBLL01$h1824
=CAT  \\$a10983$b40$c20181108$lBLL01$h1228
=CAT  \\$aBATCH-UPD$b40$c20181217$lBLL01$h1653
=CAT  \\$aIPL-CLA$c20181231$lBLL01$h1554
=CAT  \\$a10973$b40$c20190612$lBLL01$h1112
=CAT  \\$aW1910-0530$c20191007$lBLL01$h1114
=CAT  \\$aR1911-1518$c20191206$lBLL01$h1405
=CAT  \\$aIPL-CLA$c20191231$lBLL01$h2038
=CAT  \\$aBATCH-UPD$b00$c20220308$lBLL01$h1729
=CAT  \\$aIPL-CLA$c20220331$lBLL01$h1952
=CAT  \\$a12654$b40$c20230125$lBLL01$h0913
=CAT  \\$aS2302-1302$c20230322$lBLL01$h1707
=CAT  \\$aS2302-1302$c20230322$lBLL01$h1708
=CAT  \\$aBATCH-SUPP$c20230426$lBLL01$h1110
=CFI  0\$aCurrent copyright fee: GBP32.00$c29\0$e01-apr-2022$fGBP32.00$g0$hP$5Uk
=CFI  2\$aPrevious Copyright Fee: GBP29.00$c29\0$e01-jan-2020$fGBP29.00$g0$hP$5Uk
=FFP  \\$aY$bBLDSS-3PM
=FIN  \\$aY$d20151111
=FMT  \\$a  SE
=LAS  \\$aBATCH-SUPP$b00$c20230426$lBLL01$h1110
=LET  \0$aDigital scholarship in the humanities (Electronic)
=LKR  \\$aPAR$b012434299$lBLL01$nLiterary and linguistic computing (Online)$mDigital scholarship in the humanities (Online)$r78000
=MNI  \\$a2055-768X
=UNO  \\$aY

