=LDR  04249cas a2201009 i 4500
=001  015549076
=003  Uk
=005  20230426111012.0
=006  m\\\\\\\\d\|\\\\\\
=007  cr||||||||||||
=008  100510c20119999enkqr\p\s\\\\\0\\\a0eng\\
=015  \\$aGBB411540$2bnb
=022  0\$a2044-4001$202
=037  \\$aidpl$bOxford University Press
=037  3\$aISSN_20443994$bPortico$nOxford University Press
=040  \\$aUk$beng$cUk$dUk$erda
=042  \\$aissnuk$aukblsr
=082  04$a342.0858$222
=222  \0$aInternational data privacy law$b(Online)
=245  00$aInternational data privacy law.
=246  13$aIDPL
=264  \1$aOxford :$bOxford University Press,$c2011-
=310  \\$aQuarterly
=336  \\$atext$2rdacontent
=337  \\$acomputer$2rdamedia
=338  \\$aonline resource$2rdacarrier
=362  0\$aVolume 1, number 1 (2011)-
=500  \\$aTitle from front matter (PDF) (Oxford journals, viewed January 30, 2014).
=540  \\$aCurrent Copyright Fee: GBP42.00$c29\0$5Uk
=588  \\$aLatest issue consulted: volume 3, number 4 (2013) (viewed January 30, 2014).
=650  \0$aPrivacy, Right of$vPeriodicals.
=650  \0$aData protection$xLaw and legislation$vPeriodicals.
=650  \0$aMultimedia systems$xLaw and legislation$vPeriodicals.
=650  \0$aInternet$xLaw and legislation$vPeriodicals.
=650  \0$aComputer security$xLaw and legislation$vPeriodicals.
=776  08$iAlso issued in print as:$tInternational data privacy law$x2044-3994
=852  41$aBritish Library$bHMNTS$jELD Digital store$3Volume 4:Number 1(2014)-
=856  \\$31850-9999$uhttp://ukcatalogue.oup.com/$xBLDSS
=856  4\$uhttp://idpl.oxfordjournals.org/
=859  \\$aXLD$bejournal$cSFX
=859  \\$aELD$bejournal
=945  \\$aInternational data privacy law.
=979  \\$aBritish Library$bDSC$j4539.502920N
=ACF  \\$aPrevious copyright fee: GBP30.00$c29\0$e24-jan-2013$fGBP30.00$g0$hP$5Uk
=ACF  \\$aPrevious copyright fee: GBP36.00$c29\0$e01-jan-2016$fGBP36.00$g0$hP$5Uk
=ACF  \\$aPrevious copyright fee: GBP38.00$c29\0$e01-jan-2017$fGBP38.00$g0$hP$5Uk
=ACF  \\$aPrevious copyright fee: GBP40.00$c29\0$e01-jan-2018$fGBP40.00$g0$hP$5Uk
=ACF  \\$aPrevious copyright fee: GBP41.00$c29\0$e01-jan-2019$fGBP41.00$g0$hP$5Uk
=ACF  \\$aPrevious Copyright Fee: GBP29.00$c29\0$e01-jan-2020$fGBP29.00$g0$hP$5Uk
=CAT  \\$a10806$b40$c20100510$lBLL01$h1318
=CAT  \\$aBATCH-UPD$b00$c20151018$lBLL01$h1055
=CAT  \\$aBATCH-UPD$b00$c20151119$lBLL01$h1547
=CAT  \\$aIPL-CLA$c20151231$lBLL01$h1932
=CAT  \\$aBATCH-UPD$b00$c20160413$lBLL01$h1824
=CAT  \\$aBATCH-UPD$b00$c20160524$lBLL01$h2214
=CAT  \\$aBATCH-UPD$b00$c20160525$lBLL01$h0047
=CAT  \\$a5552$b40$c20161111$lBLL01$h1404
=CAT  \\$aBATCH-UPD$b40$c20161122$lBLL01$h1523
=CAT  \\$aIPL-CLA$c20161230$lBLL01$h2343
=CAT  \\$aBATCH-UPD$b00$c20171121$lBLL01$h1658
=CAT  \\$aW1711-1005$c20171206$lBLL01$h1822
=CAT  \\$aIPL-CLA$c20171231$lBLL01$h1800
=CAT  \\$aBATCH-UPD$b00$c20181217$lBLL01$h1655
=CAT  \\$aIPL-CLA$c20181231$lBLL01$h1550
=CAT  \\$aW1910-0530$c20191007$lBLL01$h1114
=CAT  \\$aR1911-1518$c20191206$lBLL01$h1405
=CAT  \\$aIPL-CLA$c20191231$lBLL01$h2022
=CAT  \\$aBATCH-UPD$b00$c20220308$lBLL01$h1728
=CAT  \\$aIPL-CLA$c20220331$lBLL01$h1952
=CAT  \\$a12654$b40$c20230209$lBLL01$h1336
=CAT  \\$aS2302-1302$c20230322$lBLL01$h1708
=CAT  \\$aS2302-1302$c20230323$lBLL01$h1443
=CAT  \\$aIPL-CLA$c20230331$lBLL01$h1547
=CAT  \\$aS2304-0519$c20230412$lBLL01$h1140
=CAT  \\$aBATCH-SUPP$c20230426$lBLL01$h1110
=CFI  0\$aCurrent Copyright Fee: GBP42.00$c29\0$e01-apr-2023$fGBP42.00$g0$hP$5Uk
=CFI  2\$aPrevious copyright fee: GBP32.00$c29\0$e01-apr-2022$fGBP32.00$g0$hP$5Uk
=FFP  \\$aY$bBLDSS-3PM
=FIN  \\$aY$d20110224
=FMT  \\$a  SE
=LAS  \\$aBATCH-SUPP$b00$c20230426$lBLL01$h1110
=LET  \0$aInternational data privacy law (Electronic)
=LKR  \\$aPAR$b015549073$lBLL01$nInternational data privacy law (Print)$mInternational data privacy law (Online)$r776
=MNI  \\$a2044-3994
=TCO  \\$aCLA$bCLA$c008
=TOC  \\$aETOC
=UNO  \\$aY

