=LDR  04050cas a2200973 i 4500
=001  015593899
=003  Uk
=005  20230426111015.0
=006  m\\\\\\\\d\|\\\\\\
=007  cr||||||||||||
=008  100706c19489999enkar\p\s\g\\\0\\\a0eng\\
=015  \\$aGBB409561$2bnb
=022  0\$a2044-8422$202
=037  \\$aclp$bOxford University Press
=037  3\$aISSN_00701998$bPortico$nOxford University Press
=040  \\$aUk$beng$cUk$erda
=042  \\$aissnuk$aukblsr
=082  04$a349.42$223
=222  \0$aCurrent legal problems$b(Online)
=245  00$aCurrent legal problems.
=246  13$aCLP
=264  \1$aLondon :$bStevens & Sons,$c1948-
=264  31$31992-$aOxford :$bOxford University Press
=310  \\$aAnnual
=336  \\$atext$2rdacontent
=337  \\$acomputer$2rdamedia
=338  \\$aonline resource$2rdacarrier
=362  0\$aVolume 1 (1948)-
=500  \\$aTitle from front matter (PDF) (Oxford journals, viewed January 27, 2014).
=540  \\$aCurrent Copyright Fee: GBP33.00$c29\0$5Uk
=550  \\$a"Published on behalf of University College London, Faculty of Laws."
=588  \\$aLatest issue consulted: volume 66 (2013) (viewed January 27, 2014).
=650  \0$aLaw$vPeriodicals.
=710  2\$aUniversity College, London.$bFaculty of Laws.
=776  08$iAlso issued in print as:$tCurrent legal problems$x0070-1998
=852  41$aBritish Library$bHMNTS$jELD Digital store$3Volume 68:Issue 1(2015)-***Previous issues available in print copy
=856  \\$31850-9999$uhttp://www.oxfordjournals.org/$xBLDSS
=856  40$uhttp://clp.oxfordjournals.org/
=859  \\$aXLD$bejournal$cSFX
=859  \\$aELD$bejournal
=945  \\$aCurrent legal problems.
=979  \\$aBritish Library$bDSC$j3499.700000
=985  \\$aISSN description based on journal homepage on publisher's website, viewed 18/07/12.
=ACF  \\$aPrevious copyright fee: GBP24.00$c29\0$e09-nov-2016$fGBP24.00$g0$hP$5Uk
=ACF  \\$aPrevious copyright fee: GBP26.00$c29\0$e01-jan-2017$fGBP26.00$g0$hP$5Uk
=ACF  \\$aPrevious copyright fee: GBP27.00$c29\0$e01-jan-2018$fGBP27.00$g0$hP$5Uk
=ACF  \\$aPrevious copyright fee: GBP28.00$c29\0$e01-jan-2019$fGBP28.00$g0$hP$5Uk
=ACF  \\$aPrevious Copyright Fee: GBP20.00$c29\0$e01-jan-2020$fGBP20.00$g0$hP$5Uk
=CAT  \\$a11316$b40$c20100706$lBLL01$h1422
=CAT  \\$a11433$b40$c20131127$lBLL01$h1442
=CAT  \\$a11205$b40$c20140127$lBLL01$h1225
=CAT  \\$a5552$b40$c20161109$lBLL01$h1444
=CAT  \\$a5552$b40$c20161109$lBLL01$h1458
=CAT  \\$aBLDSS-3PM$b00$c20161115$lBLL01$h1529
=CAT  \\$aBATCH-UPD$b00$c20161115$lBLL01$h1530
=CAT  \\$aBATCH-UPD$b00$c20161122$lBLL01$h1522
=CAT  \\$aIPL-CLA$c20161230$lBLL01$h2345
=CAT  \\$aBATCH-UPD$b00$c20171121$lBLL01$h1705
=CAT  \\$aW1711-1005$c20171206$lBLL01$h1822
=CAT  \\$aIPL-CLA$c20171231$lBLL01$h1802
=CAT  \\$aBATCH-UPD$b00$c20181217$lBLL01$h1652
=CAT  \\$aIPL-CLA$c20181231$lBLL01$h1550
=CAT  \\$aW1910-0530$c20191007$lBLL01$h1114
=CAT  \\$aR1911-1518$c20191206$lBLL01$h1419
=CAT  \\$aIPL-CLA$c20191231$lBLL01$h2023
=CAT  \\$aBATCH-UPD$b00$c20220308$lBLL01$h1735
=CAT  \\$aIPL-CLA$c20220331$lBLL01$h1952
=CAT  \\$a12654$b40$c20230125$lBLL01$h0904
=CAT  \\$aS2302-1302$c20230322$lBLL01$h1707
=CAT  \\$aS2302-1302$c20230322$lBLL01$h1708
=CAT  \\$aS2302-1302$c20230323$lBLL01$h1443
=CAT  \\$aIPL-CLA$c20230331$lBLL01$h1547
=CAT  \\$aS2304-0519$c20230412$lBLL01$h1140
=CAT  \\$aBATCH-SUPP$c20230426$lBLL01$h1110
=CFI  0\$aCurrent Copyright Fee: GBP33.00$c29\0$e01-apr-2023$fGBP33.00$g0$hP$5Uk
=CFI  2\$aPrevious copyright fee: GBP22.00$c29\0$e01-apr-2022$fGBP22.00$g0$hP$5Uk
=FFP  \\$aY$bBLDSS-3PM
=FIN  \\$aY$d20120718
=FMT  \\$a  SE
=LAS  \\$aBATCH-SUPP$b00$c20230426$lBLL01$h1110
=LKR  \\$aPAR$b009544156$lBLL01$nCurrent legal problems (Print)$mCurrent legal problems (Online)$r776
=MNI  \\$a0070-1998
=TCO  \\$aCLA$bCLA$c008
=UNO  \\$aY

