=LDR  04091cas a2200961 i 4500
=001  015608414
=003  Uk
=005  20230426111016.0
=006  m\\\\\\\\d\|\\\\\\
=007  cr||||||||||||
=008  100722c20119999enkar\p\o\\\\\0\\\a0eng\\
=015  \\$aGBB407091$2bnb
=022  0\$a2045-0044$202
=037  \\$ayel$bOxford University Press
=037  3\$aISSN_02633264$bPortico$nOxford University Press
=040  \\$aUk$beng$cUk$dUk$erda
=042  \\$aissnuk$aukblsr
=082  04$a341.094$223
=222  \0$aYearbook of European law$b(Online)
=245  00$aYearbook of European law.
=264  \1$aOxford :$bOxford University Press
=310  \\$aAnnual
=336  \\$atext$2rdacontent
=337  \\$acomputer$2rdamedia
=338  \\$aonline resource$2rdacarrier
=362  0\$a1 (1981)-
=500  \\$aTitle from pdf front matter (Oxford Journals, viewed January 16, 2014).
=540  \\$aCurrent Copyright Fee: GBP32.00$c29\0$5Uk
=588  \\$aLatest issue consulted: 2013 (viewed January 16, 2014).
=650  \0$aLaw$zEuropean Union countries$vPeriodicals.
=650  \0$aComparative law$vPeriodicals.
=776  08$iAlso issued in print as:$tYearbook of European law$x0263-3264
=852  41$aBritish Library$bHMNTS$jELD Digital store$3Volume 33(2014)-***Previous issues available in print copy
=856  \\$31850-9999$uhttp://www.oxfordjournals.org/$xBLDSS
=856  4\$uhttp://yel.oxfordjournals.org/
=859  \\$aELD$bejournal
=859  \\$aXLD$bejournal$cSFX
=945  \\$aYearbook of European law.
=979  \\$aBritish Library$bDSC$j9411.731000
=985  \\$aISSN title from printout (publisher's web site viewed 31 July 2012). Latest issue consulted: Vol. 30 (2011); title from home page (viewed 10 Aug. 2012).
=ACF  \\$aPrevious Copyright Fee: GBP5.00$c0$e01-apr-2014$fGBP5.00$g0$hC$5Uk
=ACF  \\$aPrevious Copyright Fee: GBP24.00$c29\0$e19-feb-2016$fGBP24.00$g0$hP$5Uk
=ACF  \\$aPrevious copyright fee: GBP26.00$c29\0$e01-jan-2017$fGBP26.00$g0$hP$5Uk
=ACF  \\$aPrevious copyright fee: GBP27.00$c29\0$e01-jan-2018$fGBP27.00$g0$hP$5Uk
=ACF  \\$aPrevious copyright fee: GBP28.00$c29\0$e01-jan-2019$fGBP28.00$g0$hP$5Uk
=ACF  \\$aPrevious Copyright Fee: GBP20.00$c29\0$e01-jan-2020$fGBP20.00$g0$hP$5Uk
=CAT  \\$a11313$b40$c20100722$lBLL01$h1146
=CAT  \\$aBLDSS-3PM$b00$c20160225$lBLL01$h1643
=CAT  \\$aBATCH-UPD$b00$c20160413$lBLL01$h1824
=CAT  \\$aBATCH-UPD$b00$c20160524$lBLL01$h2214
=CAT  \\$aBATCH-UPD$b00$c20160525$lBLL01$h0048
=CAT  \\$a5552$b40$c20161121$lBLL01$h1529
=CAT  \\$aBATCH-UPD$b40$c20161122$lBLL01$h1522
=CAT  \\$a5410$b40$c20161214$lBLL01$h1541
=CAT  \\$aIPL-CLA$c20161230$lBLL01$h2345
=CAT  \\$a5552$b40$c20170209$lBLL01$h1044
=CAT  \\$aBATCH-UPD$b40$c20171121$lBLL01$h1705
=CAT  \\$aW1711-1005$c20171205$lBLL01$h2211
=CAT  \\$aIPL-CLA$c20171231$lBLL01$h1802
=CAT  \\$aBATCH-UPD$b00$c20181217$lBLL01$h1652
=CAT  \\$aIPL-CLA$c20181231$lBLL01$h1550
=CAT  \\$aW1910-0530$c20191007$lBLL01$h1114
=CAT  \\$aR1911-1518$c20191206$lBLL01$h1418
=CAT  \\$aIPL-CLA$c20191231$lBLL01$h2024
=CAT  \\$aBATCH-UPD$b00$c20220308$lBLL01$h1735
=CAT  \\$aIPL-CLA$c20220331$lBLL01$h1952
=CAT  \\$a12654$b40$c20230307$lBLL01$h1446
=CAT  \\$aS2302-1302$c20230322$lBLL01$h1708
=CAT  \\$aS2302-1302$c20230323$lBLL01$h1444
=CAT  \\$aIPL-CLA$c20230331$lBLL01$h1547
=CAT  \\$aS2304-0519$c20230412$lBLL01$h1140
=CAT  \\$aBATCH-SUPP$c20230426$lBLL01$h1110
=CFI  0\$aCurrent Copyright Fee: GBP32.00$c29\0$e01-apr-2023$fGBP32.00$g0$hP$5Uk
=CFI  2\$aPrevious copyright fee: GBP22.00$c29\0$e01-apr-2022$fGBP22.00$g0$hP$5Uk
=FFP  \\$aY$bBLDSS-3PM
=FIN  \\$aY$d20120810
=FMT  \\$a  SE
=LAS  \\$aBATCH-SUPP$b00$c20230426$lBLL01$h1110
=LET  \0$aYearbook of European law (Electronic)
=LKR  \\$aPAR$b011178448$lBLL01$r776$mYearbook of European law (Online)$nYearbook of European law
=MNI  \\$a0263-3264
=TCO  \\$aCLA$bCLA$c008
=UNO  \\$aY

