=LDR  04809cas a2201093 a 4500
=001  015787444
=003  Uk
=005  20230426111024.0
=006  m\\\\\\\\d\|\\\\\\
=007  cr||||||||||||
=008  120822c20129999ncufr\p\o\\\\\0\\\a0eng\c
=010  \\$a2012263218
=015  \\$aGBB411919$2bnb
=022  0\$a2046-9136$y2046-9128$202
=035  \\$a(OCoLC)807760204
=037  \\$arcfs$bOxford University Press
=037  3\$aISSN_20469128$bPortico$nOxford University Press
=040  \\$aNTE$beng$cNTE$dNTE$dTXA$dDLC$dOCLCF$dUk
=042  \\$aissnuk$aukblsr
=050  14$aHG4001$b.R484
=082  04$a338.6041$223
=130  0\$aReview of corporate finance studies (Online)
=222  \4$aThe review of corporate finance studies$b(Online)
=245  14$aThe review of corporate finance studies$h[electronic resource].
=246  13$aRCFS
=260  \\$aOxford :$bOxford University Press for the Society for Financial Studies
=310  \\$aSemiannual
=336  \\$atext$2rdacontent
=337  \\$acomputer$2rdamedia
=338  \\$aonline resource$2rdacarrier
=362  1\$aBegan with: Vol. 1, no. 1 (Sept. 2012).
=515  \\$aOnly one issue published in 2012.
=520  \\$a"The Review of Corporate Finance Studies (RCFS) aims to publish research of the highest quality in the field of Corporate Finance, broadly defined."
=540  \\$aCurrent Copyright Fee: GBP32.00$c29\0$5Uk
=550  \\$a"Published on behalf of the Society for Financial Studies."
=588  \\$aDescription based on: Vol. 1, no. 1 (Sept. 2012); title from PDF cover (Oxford journals, viewed Sept. 4, 2012).
=588  \\$aLatest issue consulted: volume 2, number 1 (March 2013) (viewed January 31, 2014).
=650  \0$aCorporations$xFinance$vPeriodicals.
=690  7\$aManagement and Business Studies$2blcoll
=710  2\$aSociety for Financial Studies.
=776  08$iPrint version :$tReview of corporate finance studies$x2046-9128
=852  41$aBritish Library$bHMNTS$jELD Digital store$3Volume 1:Issue 1(2012)-***Previous issues available in print copy
=856  \\$31850-9999$uhttp://ukcatalogue.oup.com/$xBLDSS
=856  40$uhttp://rcfs.oxfordjournals.org
=859  \\$aXLD$bejournal$cSFX
=859  \\$aELD$bejournal
=945  \\$aReview of corporate finance studies.
=979  \\$aBritish Library$bDSC$j7789.180000N
=ACF  \\$aPrevious copyright fee: GBP18.00$c29\0$e01-jan-2012$fGBP18.00$g0$hP$5Uk
=ACF  \\$aPrevious copyright fee: GBP20.00$c29\0$e01-jan-2013$fGBP20.00$g0$hP$5Uk
=ACF  \\$aPrevious copyright fee: GBP23.00$c29\0$e01-jan-2015$fGBP23.00$g0$hP$5Uk
=ACF  \\$aPrevious copyright fee: GBP24.00$c29\0$e01-jan-2016$fGBP24.00$g0$hP$5Uk
=ACF  \\$aPrevious copyright fee: GBP26.00$c29\0$e01-jan-2017$fGBP26.00$g0$hP$5Uk
=ACF  \\$aPrevious copyright fee: GBP27.00$c29\0$e01-jan-2018$fGBP27.00$g0$hP$5Uk
=ACF  \\$aPrevious copyright fee: GBP28.00$c29\0$e01-jan-2019$fGBP28.00$g0$hP$5Uk
=ACF  \\$aPrevious Copyright Fee: GBP20.00$c29\0$e01-jan-2020$fGBP20.00$g0$hP$5Uk
=CAT  \\$a10806$b40$c20110407$lBLL01$h1622
=CAT  \\$aIPL-CLA$c20141231$lBLL01$h1702
=CAT  \\$aBATCH-UPD$b00$c20151119$lBLL01$h1552
=CAT  \\$aIPL-CLA$c20151231$lBLL01$h1933
=CAT  \\$aBATCH-UPD$b00$c20160413$lBLL01$h1825
=CAT  \\$aBATCH-UPD$b00$c20160524$lBLL01$h2214
=CAT  \\$aBATCH-UPD$b00$c20160525$lBLL01$h0051
=CAT  \\$a5552$b40$c20161121$lBLL01$h1402
=CAT  \\$aBATCH-UPD$b40$c20161122$lBLL01$h1522
=CAT  \\$aIPL-CLA$c20161230$lBLL01$h2353
=CAT  \\$aBATCH-UPD$b00$c20171121$lBLL01$h1705
=CAT  \\$aW1711-1005$c20171206$lBLL01$h1823
=CAT  \\$aIPL-CLA$c20171231$lBLL01$h1807
=CAT  \\$aBATCH-UPD$b00$c20181217$lBLL01$h1653
=CAT  \\$aIPL-CLA$c20181231$lBLL01$h1551
=CAT  \\$aW1910-0530$c20191007$lBLL01$h1114
=CAT  \\$aR1911-1518$c20191206$lBLL01$h1418
=CAT  \\$aIPL-CLA$c20191231$lBLL01$h2027
=CAT  \\$aBATCH-UPD$b00$c20220308$lBLL01$h1735
=CAT  \\$aIPL-CLA$c20220331$lBLL01$h1952
=CAT  \\$a12654$b40$c20230307$lBLL01$h0804
=CAT  \\$aS2302-1302$c20230322$lBLL01$h1708
=CAT  \\$aS2302-1302$c20230323$lBLL01$h1444
=CAT  \\$aIPL-CLA$c20230331$lBLL01$h1547
=CAT  \\$aS2304-0519$c20230412$lBLL01$h1140
=CAT  \\$aBATCH-SUPP$c20230426$lBLL01$h1110
=CFI  0\$aCurrent Copyright Fee: GBP32.00$c29\0$e01-apr-2023$fGBP32.00$g0$hP$5Uk
=CFI  2\$aPrevious copyright fee: GBP22.00$c29\0$e01-apr-2022$fGBP22.00$g0$hP$5Uk
=FFP  \\$aY$bBLDSS-3PM
=FIN  \\$aY$d20120929
=FMT  \\$a  SE
=LAS  \\$aBATCH-SUPP$b00$c20230426$lBLL01$h1110
=LET  \4$aThe review of corporate finance studies (Online)
=MNI  \\$a2046-9128
=SID  \\$aZ39$bOCLC
=TCO  \\$aCLA$bCLA$c008
=TOC  \\$aETOC
=UNO  \\$aY

