=LDR  04203cas a2201021 i 4500
=001  016142350
=003  Uk
=005  20230426111037.0
=006  m\\\\\\\\d\|\\\\\\
=007  cr||||||||||||
=008  120807c19969999enkqr\p\o\\\\\0\\\a0eng\\
=015  \\$aGBB411866$2bnb
=022  0\$a2050-9065$202
=037  \\$aulr$bOxford University Press
=037  3\$aISSN_11243694$bPortico$nOxford University Press
=040  \\$aUk$beng$cUk$erda
=041  0\$aeng$afre
=042  \\$aissnuk$aukblsr
=082  04$a340$223
=210  0\$aUnif. law rev.$b(Online)
=222  \0$aUniform law review$b(Online)
=245  00$aUniform law review =$brevue de droit uniforme.
=246  31$aRevue de droit uniforme
=264  \1$aRome, Italy :$bUNIDROIT,$c1996-
=264  31$aOxford, UK :$bOxford University Press
=310  \\$aQuarterly
=336  \\$atext$2rdacontent
=337  \\$acomputer$2rdamedia
=338  \\$aonline resource$2rdacarrier
=362  1\$aBegan in 1996.
=540  \\$aCurrent Copyright Fee: GBP32.00$c29\0$5Uk
=546  \\$aEnglish and French.
=580  \\$aIncludes issues of earlier title: Revue de droit uniforme.
=588  \\$aDescription based on: volume 18, numbers 3/4 (2013); title from cover (publisher's Web site, viewed January 31, 2014).
=650  \0$aLaw$xInternational unification$vPeriodicals.
=650  \0$aConflict of laws$vPeriodicals.
=710  2\$aInternational Institute for the Unification of Private Law.
=776  08$iAlso issued in print as:$tUniform law review (Rome : 1996)$x1124-3694
=780  10$tRevue de droit uniforme
=852  41$aBritish Library$bHMNTS$jELD Digital store$3Volume 18:Number 3/4(2013)-***Previous issues available in print copy
=856  \\$31850-9999$uhttp://www.oxfordjournals.org/$xBLDSS
=856  40$uhttp://ulr.oxfordjournals.org/
=859  \\$aELD$bejournal
=859  \\$aXLD$bejournal$cSFX
=945  \\$aUniform law review.
=979  \\$aBritish Library$bDSC$j9090.666820
=ACF  \\$aPrevious Copyright Fee: GBP16.00$c0$e01-apr-2014$fGBP16.00$g0$hC$5Uk
=ACF  \\$aPrevious copyright fee: GBP26.00$c29\0$e01-jan-2017$fGBP26.00$g0$hP$5Uk
=ACF  \\$aPrevious copyright fee: GBP27.00$c29\0$e01-jan-2018$fGBP27.00$g0$hP$5Uk
=ACF  \\$aPrevious copyright fee: GBP28.00$c29\0$e01-jan-2019$fGBP28.00$g0$hP$5Uk
=ACF  \\$aPrevious Copyright Fee: GBP20.00$c29\0$e01-jan-2020$fGBP20.00$g0$hP$5Uk
=CAT  \\$a11316$b40$c20120807$lBLL01$h1254
=CAT  \\$a5552$b40$c20161121$lBLL01$h1443
=CAT  \\$aBATCH-CLA$b00$c20161221$lBLL01$h1948
=CAT  \\$aIPL-CLA$c20161231$lBLL01$h0005
=CAT  \\$aBATCH-UPD$b00$c20170104$lBLL01$h0049
=CAT  \\$aBLDSS-3PM$b00$c20170116$lBLL01$h1615
=CAT  \\$aBATCH-UPD$b00$c20170116$lBLL01$h1616
=CAT  \\$aBATCH-UPD$b00$c20171121$lBLL01$h1705
=CAT  \\$aW1711-1005$c20171206$lBLL01$h1824
=CAT  \\$aIPL-CLA$c20171231$lBLL01$h1814
=CAT  \\$aBATCH-UPD$b00$c20181217$lBLL01$h1653
=CAT  \\$aIPL-CLA$c20181231$lBLL01$h1552
=CAT  \\$a5410$b40$c20190509$lBLL01$h1432
=CAT  \\$a5410$b40$c20190509$lBLL01$h1457
=CAT  \\$aW1910-0530$c20191007$lBLL01$h1114
=CAT  \\$a5410$b40$c20191204$lBLL01$h0943
=CAT  \\$aR1911-1518$c20191206$lBLL01$h1419
=CAT  \\$aIPL-CLA$c20191231$lBLL01$h2032
=CAT  \\$aBATCH-UPD$b00$c20220308$lBLL01$h1735
=CAT  \\$aIPL-CLA$c20220331$lBLL01$h1952
=CAT  \\$a12654$b40$c20230307$lBLL01$h1241
=CAT  \\$aS2302-1302$c20230322$lBLL01$h1708
=CAT  \\$aS2302-1302$c20230323$lBLL01$h1444
=CAT  \\$aIPL-CLA$c20230331$lBLL01$h1547
=CAT  \\$aS2304-0519$c20230412$lBLL01$h1140
=CAT  \\$aBATCH-SUPP$c20230426$lBLL01$h1110
=CFI  0\$aCurrent Copyright Fee: GBP32.00$c29\0$e01-apr-2023$fGBP32.00$g0$hP$5Uk
=CFI  2\$aPrevious copyright fee: GBP22.00$c29\0$e01-apr-2022$fGBP22.00$g0$hP$5Uk
=FFP  \\$aY$bBLDSS-3PM
=FIN  \\$aY$d20140131
=FMT  \\$a  SE
=LAS  \\$aBATCH-SUPP$b00$c20230426$lBLL01$h1110
=LET  \0$aUniform law review (Electronic)
=LKR  \\$aPAR$b011146755$lBLL01$r776$mUniform law review (Online)$nUniform law review (Milano)
=MNI  \\$a1124-3694
=TOC  \\$aETOC
=UNO  \\$aY

